<record><leader>00000cas a22000007a 4500</leader><controlfield tag="001">25971653</controlfield><controlfield tag="008">920608d192519uuwyuwr ne      0    0eng d</controlfield><datafield ind1=" " ind2=" " tag="010"><subfield code="a">sn 92067077 </subfield></datafield><datafield ind1=" " ind2=" " tag="040"><subfield code="a">NVO</subfield><subfield code="b">eng</subfield><subfield code="c">NVO</subfield><subfield code="d">OCLCQ</subfield></datafield><datafield ind1=" " ind2=" " tag="042"><subfield code="a">msc</subfield></datafield><datafield ind1="0" ind2="4" tag="245"><subfield code="a">The Kaycee optimist.</subfield></datafield><datafield ind1=" " ind2=" " tag="260"><subfield code="a">Kaycee, Johnson County, Wyo. :</subfield><subfield code="b">T.W. McDonough</subfield></datafield><datafield ind1=" " ind2=" " tag="300"><subfield code="a">v.</subfield></datafield><datafield ind1=" " ind2=" " tag="310"><subfield code="a">Weekly</subfield></datafield><datafield ind1="0" ind2=" " tag="362"><subfield code="a">Vol. 7, no. 27 (Dec. 4, 1925)-</subfield></datafield><datafield ind1=" " ind2="4" tag="651"><subfield code="a">Kaycee (Wyo.)</subfield><subfield code="v">Newspapers.</subfield></datafield><datafield ind1=" " ind2="4" tag="651"><subfield code="a">Johnson County (Wyo.)</subfield><subfield code="v">Newspapers.</subfield></datafield><datafield ind1=" " ind2=" " tag="752"><subfield code="a">United States</subfield><subfield code="b">Wyoming</subfield><subfield code="c">Johnson</subfield><subfield code="d">Kaycee.</subfield></datafield><datafield ind1="0" ind2="0" tag="780"><subfield code="t">Kaycee homesteader</subfield><subfield code="w">(DLC)sn 92067067</subfield></datafield></record>